
@misc{AlexandrescuExpected,
author = {Alexandrescu, A.},
title = {C++ and Beyond 2012 - Systematic Error Handling in C++},
year = {2012},
note = {\url{http://channel9.msdn.com/Shows/Going+Deep/C-and-Beyond-2012-Andrei-Alexandrescu-Systematic-Error-Handling-in-C}}
}

@misc{OptionalRev5,
author = {Fernando Cacciola and Andrzej Krzemie\'nski.},
title = {N3793 - A proposal to add a utility class to represent optional objects (Revision 5)},
year = {2013},
month = oct,
note = {\url{http://www.open-std.org/jtc1/sc22/wg21/docs/papers/2013/n3793.html}}
}

@misc{Cppdraft,
author = {},
title = {N3797 - Working Draft, Standard for Programming Language C++},
year = {2013},
note = {\url{http://www.open-std.org/jtc1/sc22/wg21/docs/papers/2013/n3797.pdf}}
}

@misc{boost.expected,
author = {Pierre Talbot and Vicente J. Botet Escriba},
title = {TBoost.Expected},
year = {2013},
note = {\url{https://github.com/ptal/Boost.Expected}}
}
